@article{perceptron,
  title={The perceptron: a probabilistic model for information storage and organization in the brain.},
  author={Frank Rosenblatt},
  journal={Psychological review},
  year={1958},
  volume={65 6},
  pages={
          386-408
        },
  url={https://api.semanticscholar.org/CorpusID:12781225}
}

@article{mnist,
author="LeCun, Yann",
title="THE MNIST DATABASE of handwritten digits",
journal="http://yann.lecun.com/exdb/mnist/",
URL="https://cir.nii.ac.jp/crid/1571417126193283840"
}

@inproceedings{alexnet,
 author = {Krizhevsky, Alex and Sutskever, Ilya and Hinton, Geoffrey E},
 booktitle = {Advances in Neural Information Processing Systems},
 editor = {F. Pereira and C.J. Burges and L. Bottou and K.Q. Weinberger},
 pages = {},
 publisher = {Curran Associates, Inc.},
 title = {ImageNet Classification with Deep Convolutional Neural Networks},
 url = {https://proceedings.neurips.cc/paper_files/paper/2012/file/c399862d3b9d6b76c8436e924a68c45b-Paper.pdf},
 volume = {25},
 year = {2012}
}



@article{transformer,
  author       = {Ashish Vaswani and
                  Noam Shazeer and
                  Niki Parmar and
                  Jakob Uszkoreit and
                  Llion Jones and
                  Aidan N. Gomez and
                  Lukasz Kaiser and
                  Illia Polosukhin},
  title        = {Attention Is All You Need},
  journal      = {CoRR},
  volume       = {abs/1706.03762},
  year         = {2017},
  url          = {http://arxiv.org/abs/1706.03762},
  eprinttype    = {arXiv},
  eprint       = {1706.03762},
  timestamp    = {Sat, 23 Jan 2021 01:20:40 +0100},
  biburl       = {https://dblp.org/rec/journals/corr/VaswaniSPUJGKP17.bib},
  bibsource    = {dblp computer science bibliography, https://dblp.org}
}

@online{3b1b,
  author = {Grant Sanderson},
  title={Backpropagation calculus | Chapter 4, Deep learning},
  url={https://www.youtube.com/watch?v=tIeHLnjs5U8},
  year = 2017,
  month = 11,
  day = 03,
  urldate = {September 30, 2024}
}

@online{entropy-cost-f,
  author = {Michael Nielson},
  title={Neural Networks and Deep Learning},
  url={http://neuralnetworksanddeeplearning.com/chap3.html},
  year = 2019,
  month = 12,
  urldate = {October 10, 2024}
}

@misc{NumPyNotes, 
title={Numpy v1.20 Release Notes},
url={https://numpy.org/doc/stable/release/1.20.0-notes.html}, 
journal={NumPy 1.20.0 Release Notes}
} 

@software{CSC586C_Project,
author = {Makaro, Tyler and Bobyn, Steven and Fang, Zhixin},
license = {MIT},
title = {{CSC586C Project}},
url = {https://github.com/t-makaro/586C-Project}
}